@Misc{ boehmmodel,
	author = "Barry Boehm and Richard Turner",
	title = {Rebalancing Your Organization's Agility and Discipline},
	year = "2004",
	howpublished = "\newline\burl{http://www.agileprojectmgt.com/docs/Boehm20.pdf}"
}

@Misc{ web:nhibernate,
	author = "Fabio Maulo and Ken Egozi and Tobin Harris",
	title = "NHibernate 2.0 Reference Documentation",
	year = "2009",
	howpublished = "\newline\burl{http://nhforge.org/wikis/reference2-0en/nhibernate-2-0-reference-documentation.aspx}"
}

@Misc{ Atira:slides,
	author = "Claus Nyhus Christensen",
	title = {Atira: Scrum and Agile methods - The real world},
	year = "2010",
	howpublished = "\newline\burlalt{http://www.cs.aau.dk/~jeremy/SOE\%202010/resources/GuestLectureClaus.pdf}{http://www.cs.aau.dk/$\sim$jeremy/SOE\%202010/resources/GuestLecture Claus.pdf}"
}

@Misc{ web:projectproposal,
	author = "Karsten Jahn and Laurynas Biveinis and Rene Hansen",
	title = {SW6 Multi-project - spring 2010},
	year = "2010",
	howpublished = "\newline\burl{https://intranet.cs.aau.dk/fileadmin/user\_upload/Education/F10/SW6\_Multiproject.pdf}"
}

@Book{book:Pressman,
	author = {Roger S. Pressman},
	title = {Software Engineering: A Practitioner's Approach},
	year = {2001},
	publisher = {McGraw-Hill}
}

@Book{ book:tov,
	author = "Aditya P. Mathur",
	title = "{Foundations of Software Testing}",
	publisher = "PEARSON Education",
	year = "2009",
	edition = "2nd",
	isbn ="978-81-317-1660-1"
}

@Book{ book:designpattern,
	author = "Erich Gamma and Richard Helm and Ralph Johnson and John M. Vlissides",
	title = "{Design Patterns: Elements of Reusable Object-Oriented Software}",
	publisher = "Addison-Wesley Professional",
	year = "1994",
	isbn ="978-02-016-3361-0"
}

@Misc{ web:ormarguments,
	author = "Iqbal M. Khan",
	title = {Five Reasons for using an ORM Tool},
	year = "2010",
	howpublished = "\newline\burl{http://www.alachisoft.com/articles/orm.html}"
}
