@misc{misc:something,
	title = {},
	author = {},
	howpublished = {},
	year = {},
	note = "",}

@misc{misc:bookname,
	title = {},
	author = {},
	edition = {},
	note = "",
   howpublished = {},
	year = {},
	month = {},
	pages = {},
	isbn = {},
	publisher = {},}
