@misc{misc:netlogo,
	title = {NetLogo},
	author = {Uri Wilensky},
	howpublished = {Website},
	year = {1999-2011},
	note = "URL: http://ccl.northwestern.edu/netlogo/",}
@misc{misc:spo,
	title = {Programming Language Processors in Java},
	author = {David A. Watt, Deryck F. Brown},
	howpublished = {Book},
	year = {2000},
	note = "",}
@misc{misc:sem,
	title = {Transitions and Trees},
	author = {Hans HÃ¼ttel},
	howpublished = {Book},
	year = {2010},
	note = "",}
@misc{misc:gdiplus,
	title = {GDI+},
	author = {Microsoft},
	howpublished = {Website},
	year = {2010},
	note = "",}